@article{zienkiewicz1965,
	Author = {Zienkiewicz, O. C. and Cheung, Y. K.},
	Title = {Finite Elements in the Solution of Fiel Problems},
	Journal = {The Engineer},
	YEAR = {1965}}

@book{fish2007,
	Author = {Fish, J. and Belytschko, T.},
	Title = {A First Course in Finite Elements},
	Publisher = {John Wiley \& Sons, Ltd},
	YEAR = {2007}}

@book{anjos2007,
	Author = {Anjos, G. R.},
	Title = {Hydrodynamics FIeld Solution of electrochemical Cells Through Finite Element Method},
	Publisher = {Metallurgical and Materials Engineering, Federal University of Rio de Janeiro, Brazil},
	YEAR = {2007}}

@book{anjos2012,
	Author = {Anjos, G. R.},
	Title = {A 3D ALE Finite Element Method for Two-Phase Flows with Phase Change.},
	Publisher = {École Polytechnique Fédérale de Lausanne.},
	YEAR = {2012}}


@book{brenner1994,
	Author = {Brenner, S. C. and Scott, L. R.},
	Title = {The Mathematical Theory of Finite Element Methods},
	Publisher = {Springer},
	YEAR = {1994}}

@book{finlayson1972,
	Author = {Finlayson, B. A.},
	Title = {The Method Weighted Residuals and Variational Principles},
	Publisher = {Elsevier},
	YEAR = {1972}}

@book{lewis2004,
	Author = {Lewis, R. W. and Nithiarasu, P. and Seetharamu, K. N.},
	Title = {Fundamentals of the Finite Element Method for Heat and Fluid Flow},
	Publisher = {Wiley John and Sons},
	YEAR = {2004}}

@article{gresho1979,
	Author = {Gresho, P. M. and Lee, R. L.},
	Title = {Don't suppress the wiggles - They're telling you something},
	Journal = {Laweance Livermore Laboratory},
	YEAR = {1979}}

@misc{python,
	author =    {Python, Software Foundation},
	title =     {Python Language Reference, version 2.7},
	year =      {1990},
	url = "http://www.python.org/",
	note = {[Online; accessed 12/12/2017 12:18]}}

@article{babuska1971,
	Author = {Babuska, I.},
	Title = {Error bounds for Finite Element Method},
	Journal = {Numerische Mathematik},
	YEAR = {1971}}

@article{brezzi1974,
	Author = {Brezzi, F.},
	Title = {On the existence, uniqueness and approximation of saddle-point problems arising from lagrange multipliers},
	Journal = {Revue française d'automatique, informatique, recherche opérationnelle. Analyse numérique.},
	YEAR = {1974}}

@article{donea1984,
	Author = {Donea, J.},
	Title = {A Taylor-Galerkin Method for convective transporte problems},
	Journal = {International Journal for Numerical Methods in Engineering},
	YEAR = {1984}}

@article{zienkiewiczvol3,
	Author = {Zienkiewicz, O. C. and Taylor, R. L.},
	Title = {Finite Element Method - Volume 3: Fluid Dynamics},
	Journal = {Butterworth-Heinemann},
	YEAR = {2000}}

@article{gmsh,
	Author = {Geuzaine, C. and Remacle, J.},
	Title = {GMSH: a three-dimensional finite element mesh generator with built-in pre- and post-processing facilities},
	Journal = {International Journal for Numerical Methods in Engineering},
	YEAR = {2009}}

@article{lohner1984,
	Author = {Lohner, R. and Morgan, K. and Zienkiewicz, O. C.},
	Title = {The solution of non-linear hyperbolic equation systems by the finite element method},
	Journal = {International Journal of Numerical Methods in Fluids},
	YEAR = {1984}}

@misc{scipy,
	Author = {Jones, E. and Oliphant, T. and Peterson, P.},
	Title = {Scipy - Open source scientific tools for Python},
	YEAR = {2001},
	url = "http://www.scipy.org/",
	note = {[Online; accessed 15/03/2018 09:14]}}

@misc{numpycopy,
	Author = {Scipy Community, T.},
	Title = {numpy.copy function},
	YEAR = {},
	url = "https://docs.scipy.org/doc/numpy/reference/generated/numpy.copy.html",
	note = {[Online; accessed 15/03/2018 16:15]}}

@article{cortes1994,
	Author = {Cortes, A. B. and Miller, J. D.},
	Title = {Numerical experiments with the lid driven cavity flow problem},
	Journal = {Computers \& Fluids},
	YEAR = {1994}}

@article{sohn1988,
	Author = {Sohn, J. and Miller, J. D.},
	Title = {Evaluation of FIDAP on some classical laminar and turbulent benchmarks},
	Journal = {International Journal of Numerical Methods for Fluids},
	YEAR = {1988}}

@article{barragy1997,
	Author = {Barragy, E. and Carey, G. F.},
	Title = {Stream function-vorticity driven cavity solution using p finite elements},
	Journal = {Computers \& Fluids},
	YEAR = {1997}}

@article{comini1994,
	Author = {Comini, G. and Manzan, M. and Nonino, C.},
	Title = {Finite element solution of the streamfunction-vorticity equations for incompressible two-dimensional flows},
	Journal = {International Journal for Numerical Methods in Fluids},
	YEAR = {1994}}

@article{wang2017,
	Author = {Wang, H. and McGinty, S. and Lucena, R. and Pontes, J. and Anjos, G. and Mangiavacchi, N.},
	Title = {Dynamics of blood flow in coronary artery},
	Journal = {International Congress of Mechanical Engineering},
	YEAR = {2017}}

@article{mcginty2016,
        Author = {McGinty, S. and Pontrelli, G.},
        Title = {On the role of specific drug binding in modelling arterial eluting stents},
        Journal = {Journal of Mathematical Chemistry},
        YEAR = {2016}}

@article{bozsak2014,
  title={Modeling the transport of drugs eluted from stents: physical
phenomena driving drug distribution in the arterial wall},
  author={Bozsak, F. and Chomaz J-M. and Barakat, A.I.},
  journal={Biomech Model Mechanobiol},
  volume={13},
  number={},
  pages={327-347},
  year={2014},
  doi = {10.1007/s10237-013-0546-4},
  publisher={Spinger}
}

@article{paraview,
        Author = {Henderson, A.},
        Title = {Paraview Guide, A parallel visualization application},
        Journal = {Kitware Inc.},
        YEAR = {2007}}

@article{kessler1998,
        Author = {Kessler, W. and Moshage, W. and Galland, A. and Zink, D. and Achenbach, S. and Nitz, W. and Laub, G. and Bachmann, K.},
        Title = {Assessment of coronary blood flow in humans using phase difference mr imaging comparison with intracoronary doppler flow measurement.},
        Journal = {International Journal of Cardiac Imaging},
        YEAR = {1998}}

@article{ghia1982,
        Author = {Ghia, U. and Ghia, K. N. and Shin, C. T.},
        Title = {High-Re solutions for incompressible flow using the Navier-Stokesequations and a multi-grid.},
        Journal = {Journal of Computational Physics},
        YEAR = {1982}}

@article{marchi2009,
        Author = {Marchi, C. H. and Suero, R. and Araki, L. K.},
        Title = {The Lid-Driven Square Cavity Flow: Numerical Solution with a 1024 x 1024 Grid.},
        Journal = {Journal of the Brazilian Society of Mechanical Sciences and Engineering},
        YEAR = {2009}}

@misc{oms2017,
	Author = {World Health Organization, W.},
	Title = {Cardiovascular diseases},
	YEAR = {2017},
        url = {"www.who.int/cardiovascular\_diseases/en/"},
	note = {[Online; accessed 03/05/2018 11:55]}}

@article{tardif2010,
        Author = {Tardif, J.},
        Title = {Coronary artery disease in 2010},
        Journal = {European Heart Journal Supplements},
        YEAR = {2010}}

@book{pontes2016,
	Author = {Pontes, J. and Mangiavacchi, N.},
	Title = {Fenômenos de Transferência com Aplicações às Ciências Físicas e à Engenharia. Volume 1: Fundamentos},
	Publisher = {Sociedade Brasileira de Matemática (SBM)},
	YEAR = {2016}}

@book{fox2012,
        Author = {Fox, R. W. and McDonald, A. T. and Pritchard, P. J.},
        Publisher = {John Wiley and Sons, Inc},
        Title = {Introduction to Fluid Mechanics},
        Year = {2012}}

@article{dotter1964,
        Author = {Dotter, C. T. and Judkins, M. P.},
        Title = {Transluminal Treatment of Arteriosclerotic Obstruction: Description of a New Technic and a Preliminary Report of its Application},
        Journal = {Circulation},
        YEAR = {1964}}

@article{gruntzig1979,
        Author = {Grüntzig, A. R. and Senning, A. and Siegenthaler, W. E.},
        Title = {Nonoperative Dilatation of Coronary-Artery Stenosis},
        Journal = {The New England Journal of Medicine},
        YEAR = {1979}}

@article{sigwart1987,
        Author = {Sigwart, U. and Puel, J. and Mirkovitch, V. and Joffre, F. and Kappenberger, L.},
        Title = {Intravascular Stents to Prevent Occlusion and Restenosis after Transluminal Angioplasty},
        Journal = {The New England Journal of Medicine},
        YEAR = {1987}}

@article{serruys1994,
        Author = {Serruys, P. and Jaegere, P. and Kiemeneij, F. and Macaya, C. and Rutsch, W. and
                  Heyndrickx, G. and Emanuelsson, H. and Marco, J. and Legrand, V. and Materne, P. and
                  Belardi, J. and Sigwart, U. and Colombo, A. and Goy, J. and van den Heuvel, P. and
                  Delcan, J. and Morel, M.},
        Title = {A Comparison of Ballon-Expandable-Stent Implantation with Ballon Angioplasty in Patients with
                 Coronary Artery Disease},
        Journal = {The New England Journal of Medicine},
        YEAR = {1994}}

@article{hwang2001,
        Author = {Hwang, C. and Wu, D. and Edelman, E. R.},
        Title = {Physiological Transport Forces Govern Drug Distribution for Stent-Based Delivery},
        Journal = {Circulation},
        YEAR = {2001}}

@article{morice2002,
        Author = {Morice, M. C. and Serruys, P.W. and Sousa, J. E. and Fajadet, J. and Ban Hayashi, E. and Perin, M.
                  and Colombo, A. and Schuler, G. and Barragan, P. and Guagliumi, G.},
        Title = {Study with the Sirolimus Coarted BX Velocity Ballon-Expandable Stent in the Treatment of Patients
                 with de Novo Native Coronary Artery Lesions. A Randomized Comparison of a Sirolimus-Elution Stent
                 with a Standard Stent for Coronary Revascularization},
        Journal = {The New England Journal of Medicine},
        YEAR = {2002}}

@article{grube2003,
        Author = {Grube, E. and Silver, S. and Hauptmann, K. E. and Muelle, R. and Buellesfeld, L. and
                  Gerckens, U. and Russell, M. E.},
        Title = {TAXUS I: Six and Twelve Month Results from a Randomized, Double-blind Trial on a Slow-Release
                 Paclitaxel-Eluting Stent for de Novo Coronary Lesions.},
        Journal = {Circulation},
        YEAR = {2003}}

@article{colombo2003,
        Author = {Colombo, A. and Drzewiecki, J. and Banning, A. and Grube, E. and Hauptmann, K.
                  and Silber, S. and Dudek, D. and Fort, S. and Schiele, F. and Zmudka, K.},
        Title = {Randomized Study to Assess the Effectiveness of Slow and Moderate-Relase Polymer Based
                 Paclitaxel-Eluting Stents for Coronary Artery Lessions},
        Journal = {Circulation},
        YEAR = {2003}}

@article{schampaert2004,
        Author = {Schampaert, E. and Cohen, E. A. and Schluter, M. and Reeves, F. and Traboulsi, M.
                  and Title, L. N. and Kuntz, R. E. and Popma, J. J.},
        Title = {Canadian Study of the Sirolimus-Eluting Stent in the Treatment of Patients with Long
                 de Novo Lesions in Small Native Coronary Arteries (C-SIRIUS)},
        Journal = {Journal of the American College of Cardiology},
        YEAR = {2004}}

@article{ardissino2004,
        Author = {Ardissino, D. and Cavallini, C. and Bramucci, E. and Indolfi, C. and Marzocchi, A.
                  and Manari, A. and Angeloni, G. and Bonizzoni, E. and Colusso, S.},
        Title = {Sirolimus-Eluting vs Uncoated Stents for Prevention of Restenosis in
                 Small Coronary Arteries},
        Journal = {The Journal of the American Medical Association},
        YEAR = {2004}}


@article{indolfi2005,
        Author = {Indolfi, C. and Pavia, M. and Italo, F.},
        Title = {Drug-Eluting Stents vs Bare Metal Stents in Percutaneous Coronary Interventions},
        Journal = {The American Journal of Cardiology},
        YEAR = {2005}}

@article{morton1985,
        Author = {Morton, K. W.},
        Title = {Generalised Galerkin Methods for Hyperbolic Problems},
        Journal = {Computer Methods in Applied Mechanics and Engineering},
        YEAR = {1985}}

@article{courant1943,
        Author = {Courant, R.},
        Title = {Variational Methods for the Solution of Problems of Equilibrium and Vibrations},
        Journal = {Bulletin of the American Mathematical Society},
        YEAR = {1943}}

@article{spalding1972,
        Author = {Spalding, D. B.},
        Title = {A Novel Finite Difference Formulation for Differential Expressions Involving both First
                 and Second Derivatives},
        Journal = {International Journal for Numerical Methods in Engineering},
        YEAR = {1972}}

@article{christie1976,
        Author = {Christie, I. and Griffiths, D. F. and Mitchell, A. R. and Zienkiewicz, O. C.},
        Title = {Finite Element Methods for Second Order Differential Equations with Significant
                 First Derivatives},
        Journal = {International Journal for Numerical Methods in Engineering},
        YEAR = {1976}}

@article{heinrich1977,
        Author = {Heinrich, J. C. and Huyakorn, P. S. and Zienkiewicz, O. C.},
        Title = {An Upwind Finite Element Scheme for Two-Dimensional Convective Transport Equation},
        Journal = {International Journal for Numerical Methods in Engineering},
        YEAR = {1977}}

@article{brooks1982,
        Author = {Brooks, A. N. and Hughes, T. J.},
        Title = {Streamline Upwind Petrov-Galerkin Formulations for Convection
                 Dominated Flows with Particular Emphasis on the Incompressible Navier-Stokes Equations},
        Journal = {Computer Methods in Applied Mechanics and Engineering},
        YEAR = {1982}}

@article{pironneau1982,
        Author = {Pironneau, O.},
        Title = {On the Transport-Diffusion Algorithm and its Applications to the Navier-Stokes Equation},
        Journal = {Numerische Mathematik},
        YEAR = {1982}}

@article{anjos2006,
        Author = {Anjos, G. and Mangiavacchi, N. and Pontes, J. and Soares, C.},
        Title = {Modelagem Numérica de Escoamentos Acoplados ao Transporte de um Espécie Química por Elementos Finitos},
        Journal = {Brazilian Congress os Thermal Sciences and Engineering},
        YEAR = {2006}}

@article{lucena2017,
        Author = {Lucena, R. and Mangiavacchi, N. and Pontes, J. and Anjos, G. and McGinty, S.},
        Title = {Transport Through Polymer Layer and Porous Arterial Wall with Binding in Drug-Eluting Stents Using the FEM},
        Journal = {International Congress of Mechanical Engineering},
        YEAR = {2017}}

@article{lucena2018,
        Author = {Lucena, R. and Mangiavacchi, N. and Pontes, J. and Anjos, G. and McGinty, S.},
        Title = {On the transport through polymer layer and porous arterial wall
in drug‐eluting stents},
        Journal = {Journal of the Brazilian Society of Mechanical Sciences and Engineering},
        YEAR = {2018}}


@article{zunino2009,
        Author = {Zunino, P. and D'Angelo, C. and Vergara, C. and Capelli, C. and Migliavacca, F.},
        Title = {Numerical simulation of drug eluting coronary stents:Mechanics, fluid dynamics and drug release},
        Journal = {Computer Methods in Applied Mechanics and Engineering},
        YEAR = {2009}}


@book{silva2011,
	Author = {Silva, H. C.},
	Title = {Finite Elements in Convection Dominated Flows: a semi-Lagrangian Method},
	Publisher = {State University of Rio de Janeiro},
	YEAR = {2011}}

@article{stent2016,
        Author = {Jaryl, Ng. and Foin, N. and Ying Ang, H. and Ming Fam, J. and Sen, S. and Nijjer, S. and Petraco, R. and Di Mario, C. and Davies, J. and Wong, P.},
        Title = {Over-expansion capacity and stent design model: An update with contemporary DES platforms},
        Journal = {International Journal of Cardiology},
        YEAR = {2016}}

@book{hughes2000,
	Author = {Hughes, T. J. R.},
	Title = {The Finite Elements Method: Linear Static and Dynamic Finite Element Analysis},
	Publisher = {Prentice-Hall, Inc.},
	YEAR = {2000}}


@article{spring2013,
	author =    {Spring, B and Ockene, JK and Gidding, SS and Mozaffarian, D and Moore, S and Rosal, MC and Brown, MD and Vafiadis, D and Cohen, DL and Burke, LE and Lloyd-Jones, D},
	title =     {Better population health through behavior change in adults: a call to action},
	year =      {2013},
	Journal = {Circulation}}

@article{batchelor1967,
	Author = {Batchelor, G.},
	Title = {An Introduction to Fluid Dynamics},
	Journal = {Cambridge University Press},
	YEAR = {1967}}

@article{donea2004,
	Author = {Donea, J. and Huerta, A. and Ponthot, JP and Rodríguez‐Ferran, A},
	Title = {Arbitrary Lagrangian–Eulerian Methods},
	Journal = {In Encyclopedia of Computational Mechanics},
	YEAR = {2004}}

@article{oms2018,
	author =    {World Health Organization (WHO),W},
	title =     {The top 10 causes of death},
	year =      {2018},
	Journal = "www.who.int/news-room/fact-sheets/detail/the-top-10-causes-of-death",
	note = {[Online; accessed 06-04-20 08:27pm]}}

@article{bukac2016,
	Author = {Bukac, M. and Canic, S. and Tambaca, J. and Wang, Y},
	Title = {Fluid–structure interaction between pulsatile blood flow and a curvedstented coronary artery on a beating heart: A four stent computationalstudy},
        Journal = {Computer Methods in Applied Mechanics and Engineering},
	YEAR = {2016}}

@article{gudino2019,
	Author = {Gudino, E. and Cassio, M. and Sequeira, A.},
	Title = {Influence of non-Newtonian blood flow models on drug deposition in thearterial wall},
        Journal = {Journal of Non-Newtonian Fluid Mechanics},
	YEAR = {2019}}

@article{lee1986,
	Author = {Lee, J.},
	Title = {The Characteristic-Galerkin Method for Advection-Dominated Problem - An assessment},
        Journal = {Computer Methods in Applied Mechanics and Engineering},
	YEAR = {1986}}

@article{donea1992,
	Author = {Donea, J. and Quartapelle, L.},
	Title = {An introduction to finite element methods for
transient advection problems},
        Journal = {Computer Methods in Applied Mechanics and Engineering},
	YEAR = {1992}}

@article{anjos2020,
	Author = {Anjos, G. and Magiavacchi, N. and Thome, J.},
	Title = {An ALE-FE method for two-phase flows with dynamics boundaries},
        Journal = {Computer Methods in Applied Mechanics and Engineering},
	YEAR = {2020}}

@article{galerkin1915,
  title={Series solution of some problems of elastic equilibrium of rods and plates},
  author={Galerkin, Boris Grigoryevich},
  journal={Vestnik inzhenerov i tekhnikov},
  volume={19},
  number={7},
  pages={897--908},
  year={1915}}


@article {ritz1909,
      author = {Ritz, W.},
      title = {Über eine neue Methode zur Lösung gewisser Variationsprobleme der mathematischen Physik.},
      journal = {Journal für die reine und angewandte Mathematik},
      year = {1909},
      publisher = {De Gruyter},
      address = {Berlin, Boston},
      volume = {1909},
      number = {135},
      doi = {https://doi.org/10.1515/crll.1909.135.1},
      pages={1 - 61},
      url = {https://www.degruyter.com/view/journals/crll/1909/135/article-p1.xml}}

@article{donea1982,
  title={An arbitrary Lagrangian-Eulerian finite element method for transient dynamic fluid-structure interactions},
  author={Donea, Jean and Giuliani, S and Halleux, Jean-Pierre},
  journal={Computer methods in applied mechanics and engineering},
  volume={33},
  number={1-3},
  pages={689--723},
  year={1982},
  publisher={Elsevier}}

@article{hirt1974,
  title={An arbitrary Lagrangian-Eulerian computing method for all flow speeds},
  author={Hirt, Cyrill W and Amsden, Anthony A and Cook, JL},
  journal={Journal of computational physics},
  volume={14},
  number={3},
  pages={227--253},
  year={1974},
  publisher={Elsevier}}

@article{hughes1981,
  title={Lagrangian-Eulerian finite element formulation for incompressible viscous flows},
  author={Hughes, Thomas JR and Liu, Wing Kam and Zimmermann, Thomas K},
  journal={Computer methods in applied mechanics and engineering},
  volume={29},
  number={3},
  pages={329--349},
  year={1981},
  publisher={Elsevier}}
