% bibtex entries

@book{KaragozianBook2003,
  title={Manipulation and Control of Jets in Crossflow},
  author={Karagozian, AR and Cortelezzi, L and Soldati, A},
  year={2003},
  volume={Volume 439 of CISM International Centre for Mechanical Sciences, Courses and Lectures},
  address={USA},
  publisher={Springer}	
}

@article{Mahesh2013,
  title={The interaction of jets with crossflow},
  author={Mahesh, K},
  journal={Annual Review of Fluid Mechanics},
  volume={45},
  pages={379--407},
  year={2013},
  publisher={Annual Reviews}
}